<?xml version="1.0" encoding="UTF-8"?><record xmlns="http://www.loc.gov/MARC21/slim" xmlns:cinclude="http://apache.org/cocoon/include/1.0" xmlns:zs="http://www.loc.gov/zing/srw/">
  <leader>01490cz  a2200313n  4500</leader>
  <controlfield tag="001">n  00101433 </controlfield>
  <controlfield tag="003">DLC</controlfield>
  <controlfield tag="005">20050902052113.0</controlfield>
  <controlfield tag="008">000913n| acaabaaan          |a ana      </controlfield>
  <datafield tag="010" ind1=" " ind2=" ">
    <subfield code="a">n  00101433 </subfield>
  </datafield>
  <datafield tag="035" ind1=" " ind2=" ">
    <subfield code="a">(OCoLC)oca05311342</subfield>
  </datafield>
  <datafield tag="040" ind1=" " ind2=" ">
    <subfield code="a">DLC</subfield>
    <subfield code="b">eng</subfield>
    <subfield code="c">DLC</subfield>
    <subfield code="d">FTaSU-L</subfield>
    <subfield code="d">NNU-L</subfield>
    <subfield code="d">DGU-L</subfield>
    <subfield code="d">NNU-L</subfield>
  </datafield>
  <datafield tag="130" ind1=" " ind2="0">
    <subfield code="a">PLI Press litigation library</subfield>
  </datafield>
  <datafield tag="410" ind1="2" ind2=" ">
    <subfield code="a">Practising Law Institute.</subfield>
    <subfield code="t">PLI Press litigation library</subfield>
  </datafield>
  <datafield tag="430" ind1=" " ind2="0">
    <subfield code="a">PLI Press's litigation library</subfield>
  </datafield>
  <datafield tag="430" ind1=" " ind2="0">
    <subfield code="a">Practising Law Institute's litigation library</subfield>
  </datafield>
  <datafield tag="430" ind1=" " ind2="0">
    <subfield code="a">Practising Law Institute litigation law library</subfield>
  </datafield>
  <datafield tag="430" ind1=" " ind2="0">
    <subfield code="a">Practising Law Institute litigation library</subfield>
  </datafield>
  <datafield tag="430" ind1=" " ind2="0">
    <subfield code="a">Litigation law library</subfield>
  </datafield>
  <datafield tag="430" ind1=" " ind2="0">
    <subfield code="a">Litigation library (New York, N.Y.)</subfield>
  </datafield>
  <datafield tag="643" ind1=" " ind2=" ">
    <subfield code="a">New York City</subfield>
    <subfield code="b">PLI Press</subfield>
  </datafield>
  <datafield tag="644" ind1=" " ind2=" ">
    <subfield code="a">f</subfield>
    <subfield code="5">DLC</subfield>
    <subfield code="5">NNU-L</subfield>
  </datafield>
  <datafield tag="645" ind1=" " ind2=" ">
    <subfield code="a">t</subfield>
    <subfield code="5">DPCC</subfield>
    <subfield code="5">DLC</subfield>
    <subfield code="5">NNU-L</subfield>
  </datafield>
  <datafield tag="646" ind1=" " ind2=" ">
    <subfield code="a">s</subfield>
    <subfield code="5">DLC</subfield>
    <subfield code="5">NNU-L</subfield>
  </datafield>
  <datafield tag="670" ind1=" " ind2=" ">
    <subfield code="a">Levy, Herbert Monte. How to handle an appeal, c1999- :</subfield>
    <subfield code="b">series t.p. (PLI Press litigation library)</subfield>
  </datafield>
  <datafield tag="670" ind1=" " ind2=" ">
    <subfield code="a">Disability law deskbook, 2000- :</subfield>
    <subfield code="b">series t.p. (PLI Press's litigation library)</subfield>
  </datafield>
  <datafield tag="670" ind1=" " ind2=" ">
    <subfield code="a">Sinclair, K. Trial handbook, c2002- :</subfield>
    <subfield code="b">ser. t.p. (Practising Law Institute's litigation library)</subfield>
  </datafield>
  <datafield tag="670" ind1=" " ind2=" ">
    <subfield code="a">Sinclair on federal civil practice, c2004- :</subfield>
    <subfield code="b">ser. t.p. (Practising Law Institute's litigation library) cover (Practising Law Institute // litigation law library)</subfield>
  </datafield>
  <datafield tag="670" ind1=" " ind2=" ">
    <subfield code="a">Sinclair on federal civil practice, c1992- :</subfield>
    <subfield code="b">half t.p. verso, 2002 suppl. (Practising Law Institute litigation library)</subfield>
  </datafield>
</record>